<?xml version="1.0" encoding="UTF-8"?><collection xmlns="http://www.loc.gov/MARC21/slim"><record><leader>00553nam--2200181-i-4500</leader><controlfield tag="001">000019702</controlfield><controlfield tag="002">20161230</controlfield><controlfield tag="005">20170128142947</controlfield><controlfield tag="008">060222s1000------------r-----000-0-eng-d</controlfield><datafield ind1=" " ind2=" " tag="080"><subfield code="a">517.55(082.1)</subfield></datafield><datafield ind1="1" ind2=" " tag="100"><subfield code="a">Norguet, Francois</subfield><subfield code="c">ed</subfield></datafield><datafield ind1=" " ind2=" " tag="245"><subfield code="a">Fonctions de plusieurs variables complexes II seminaire francois norguet, Janvier 1974-Juin 1975</subfield></datafield><datafield ind1=" " ind2=" " tag="260"><subfield code="a">Berlin</subfield><subfield code="b">Springer-Verlag</subfield><subfield code="c">1975</subfield></datafield><datafield ind1=" " ind2=" " tag="300"><subfield code="a">IX + 367 p</subfield></datafield><datafield ind1=" " ind2=" " tag="490"><subfield code="a">Lecture Notes In Mathematics</subfield><subfield code="v">vol. 482</subfield></datafield><datafield ind1=" " ind2=" " tag="700"><subfield code="a">Eckmann, B</subfield></datafield><datafield ind1=" " ind2=" " tag="852"><subfield code="a">45391</subfield><subfield code="c">517.55</subfield></datafield><datafield ind1=" " ind2=" " tag="CAT"><subfield code="a">SYS</subfield><subfield code="c">20170128</subfield><subfield code="h">142947</subfield></datafield></record></collection>